@ARTICLE{SensorsConnect,
  author={Elewah, Abdelrahman and Elgazzar, Khalid},
  journal={IEEE Access}, 
  title={{SensorsConnect Framework: World-Wide Web for Internet of Things}}, 
  year={2024},
  volume={},
  number={},
  pages={1-1},
  keywords={SensorsConnect;Public Sensing;ThingsDriver;Internet of Things;Collaborative IoT;PSaaS;UIDI;Crowdsensing;Mobile Crowdsensing},
  doi={10.1109/ACCESS.2024.3496892}}

@INPROCEEDINGS{Hossam2024,
  author={Ouda, Hossameldin and Elewah, Abdelrahman and Elgazzar, Khalid},
  booktitle={2024 International Wireless Communications and Mobile Computing (IWCMC)}, 
  title={{A Comparative Analysis of Data Models for Heterogeneous Sensor Data Management}}, 
  year={2024},
  volume={},
  number={},
  pages={1826-1833},
  keywords={Performance evaluation;Wireless communication;Analytical models;XML;Throughput;Data models;Real-time systems;Sensor Data;Data Modeling;IoT;Heterogeneous Data Handling;Comparative Analysis;Document Data Model},
  doi={10.1109/IWCMC61514.2024.10592594}}


@INPROCEEDINGS{ThingsDriver,  author={Elewah, Abdelrahman and Ibrahim, Walid M. and RafÄ±kl, Ahmed and Elgazzar, Khalid},  booktitle={2022 International Wireless Communications and Mobile Computing (IWCMC)},   title={{ThingsDriver: A Unified Interoperable Driver for IoT Nodes}},   year={2022},  volume={},  number={},  pages={877-882},  keywords={},  doi={10.1109/IWCMC55113.2022.9824989},  ISSN={2376-6506},  month={May},}

@INPROCEEDINGS{PSaaS,  author={Elewah, Abdelrahman and Ibrahim, Walid M. and Elgazzar, Khalid},  booktitle={2022 IEEE 47th Conference on Local Computer Networks (LCN)},   title={{Paving the Way for Massive Public Sensing as a Service}},   year={2022},  volume={},  number={},  pages={391-394},  doi={10.1109/LCN53696.2022.9843516}}

@misc{elgazzar2022revisiting,
  title={{Revisiting the internet of things: New trends, opportunities and grand challenges}},
  author={Elgazzar, Khalid and Khalil, Haytham and Alghamdi, Taghreed and Badr, Ahmed and Abdelkader, Ghadeer and Elewah, Abdelrahman and Buyya, Rajkumar},
  journal={Frontiers in the Internet of Things},
  volume={1},
  pages={1073780},
  year={2022},
  publisher={Frontiers Media SA}
}

@article{elewah2025agentic,
  title={{Agentic Search Engine for Real-Time IoT Data}},
  author={Elewah, Abdelrahman and Elgazzar, Khalid},
  journal={arXiv preprint arXiv:2503.12255},
  year={2025}
}

@inproceedings{elewah20213d,
  title={{3D-RadViz: Three dimensional radial visualization for large-scale data visualization}},
  author={Elewah, Abdelrahman and Badawi, Abeer A and Khalil, Haytham and Rahnamayan, Shahryar and Elgazzar, Khalid},
  booktitle={2021 IEEE Congress on Evolutionary Computation (CEC)},
  pages={1037--1046},
  year={2021},
  organization={IEEE}
}

@inproceedings{elewah2018mth,
  title={{Mth Root Mth Power SNR MPSK Estimator}},
  author={Elewah, Abdelrahman and Taman, Abdelkarim and Awamry, Amr A and Elbahy, Mahmoud},
  booktitle={Mechatronics 2017: Recent Technological and Scientific Advances},
  pages={157--165},
  year={2018},
  organization={Springer}
}


@misc{explodingtopics2024iot,
  author = {Exploding Topics},
  title = {Number of IoT Devices in 2024},
  year = {2024},
  url = {https://explodingtopics.com/blog/number-of-iot-devices},
  note = {Accessed: 2024-07-15}
}
@misc{internet_history,
  author = "{Middle Georgia State University}",
  title = "{Internet History and Usage}",
  year = "2016",
  url = "https://itwebtutorials.mga.edu/html/chp1/history.aspx",
  note = "[Accessed: 28-November-2023]"
}

@article{www,
  title={The world-wide web},
  author={Berners-Lee, Tim and Cailliau, Robert and Luotonen, Ari and Nielsen, Henrik Frystyk and Secret, Arthur},
  journal={Communications of the ACM},
  volume={37},
  number={8},
  pages={76--82},
  year={1994},
  publisher={ACM New York, NY, USA}
}
@article{brin1998anatomy,
  title={The anatomy of a large-scale hypertextual web search engine},
  author={Brin, Sergey and Page, Lawrence},
  journal={Computer networks and ISDN systems},
  volume={30},
  number={1-7},
  pages={107--117},
  year={1998},
  publisher={Elsevier}
}
